% This file was created with JabRef 2.10.
% Encoding: UTF-8

@Article{Wikipedia,
  Title                    = {Pokemon},
  Author                   = {Wikipedia Contributors},
  Journal                  = {G},
  Year                     = {1857},
  Number                   = {1},
  Pages                    = {5--23},
  Volume                   = {76}
}

@misc{Showdown,
  author       = {Pokemon Showdown}, 
  title        = {Pokemon Showdown Github Repositiory},
  howpublished = {https://github.com/smogon/Pokemon-Showdown},
  month        = 7,
  year         = 2021,
  note         = {Accessed: 4-09-2022}
}

@misc{CalebLewis,
  author       = {Caleb Lewis}, 
  title        = {Poke-Agent: Pokemon Battling \& Machine Learning},
  howpublished = {https://towardsdatascience.com/poke-agent-pokemon-battling-reinforcement-learning-27ef10885c5c},
  month        = 3,
  year         = 2020,
  note         = {Accessed: 3-27-2022}
}

@misc{Akshay,
  author       = {Akshay, Kalose and Kris, Kaya and Alvin, Kim}, 
  title        = {Optimal Battle Strategy in Pokemon using Reinforcement Learning},
  howpublished = {https://web.stanford.edu/class/aa228/reports/2018/final151.pdf},
  year         = 2018,
  note         = {Accessed: 3-27-2022}
}

@misc{PokemonWiki,
  author       = {Pokemon Wiki Contributors}, 
  title        = {Generation I},
  howpublished = {https://pokemon.fandom.com/wiki/Generation\_I},
  note         = {Accessed: 5-13-2022}
}

@misc{KevinChen,
  author       = {Kevin, Chen and Albert, Lin}, 
  title        = {Gotta Train â€˜Em All: Learning to Play Pokemon Showdown with Reinforcement Learning},
  howpublished = {https://cs230.stanford.edu/projects\_fall\_2018/reports/12447633.pdf},
  year         = 2018,
  note         = {Accessed: 4-13-2022}
}

@misc{DavidSimoes,
  author       = {David, Simoes and Simao, Reis and Nuno, Lau and Luis, Paulo Reis}, 
  title        = {Competitive Deep Reinforcement Learning over a Pokemon Battling Simulator},
  howpublished = {https://ieeexplore.ieee.org/document/9096092},
  month        = 4,
  year         = 2020,
  note         = {Accessed: 4-13-2022}
}

@misc{JosephFlaherty,
  author       = {Joseph, Flaherty and Aaron, Himenez and Bahareh, Abbashi}, 
  title        = {Playing Pokemon Red with Reinforcement Learning},
  howpublished = {https://scholarworks.calstate.edu/downloads/vq27zt20r},
  month        = 3,
  year         = 2021,
  note         = {Accessed: 4-13-2022}
}

@misc{RodrigoRill,
  author       = {Rodrigo, Rill-Garcia}, 
  title        = {Reinforcement Learning for a Turn-Based Small Scale Attrition Game},
  howpublished = {https://ccc.inaoep.mx/~esucar/Clases-mgp/Proyectos/2018/reinforcement-learning-turn\%20\%281\%29.pdf},
  note         = {Accessed: 4-13-2022}
}

@misc{RodrigoRill2,
  author       = {Rodrigo, Rill-Garcia and Jorge, Madrid}, 
  title        = {Expert System Suitable for RPGs, Case: Pokemon},
  howpublished = {https://drive.google.com/file/d/1Xq0UAkDY\_5QD-6kZWd9dKVj8OFQZHkmw/view},
  note         = {Accessed: 4-14-2022}
}

@misc{Pieter,
  author       = {Pieter, Abbeel and Andrew, Y. Ng}, 
  title        = {Apprenticeship Learning via Inverse Reinforcement Learning},
  howpublished = {https://ai.stanford.edu/~ang/papers/icml04-apprentice.pdf},
  note         = {Accessed: 4-14-2022}
}

@misc{MyProf,
  author       = {Bradley, Knox and Peter, Stone}, 
  title        = {Combining Manual Feedback with Subsequent MDP Reward Signals for Reinforcement Learning},
  howpublished = {https://www.cs.utexas.edu/~pstone/Papers/bib2html-links/AAMAS10-knox.pdf}
}

@misc{Sutton,
  author       = {Richard, Sutton and Andrew, Barto}, 
  title        = {Reinforcement Learning: An Introduction, Second Edition, Chapter 13},
  howpublished = {http://incompleteideas.net/sutton/book/RLbook2018trimmed.pdf}
}